% Encoding: UTF-8

@Book{dean1992lange,
  author    = {Dean, John Aurie and others},
  publisher = {McGraw-Hill New York},
  title     = {Lange's handbook of chemistry},
  year      = {1992},
  volume    = {15},
}

@Article{Bast2009,
  author    = {Radovan Bast and Hans J{\o}rgen Aa. Jensen and Trond Saue},
  journal   = {International Journal of Quantum Chemistry},
  title     = {Relativistic adiabatic time-dependent density functional theory using hybrid functionals and noncollinear spin magnetization},
  year      = {2009},
  number    = {10},
  pages     = {2091--2112},
  volume    = {109},
  doi       = {10.1002/qua.22065},
  publisher = {Wiley},
}

@Article{Konecny2019,
  author    = {Lukas Konecny and Michal Repisky and Kenneth Ruud and Stanislav Komorovsky},
  journal   = {The Journal of Chemical Physics},
  title     = {Relativistic four-component linear damped response {TDDFT} for electronic absorption and circular dichroism calculations},
  year      = {2019},
  month     = {nov},
  number    = {19},
  pages     = {194112},
  volume    = {151},
  doi       = {10.1063/1.5128564},
  publisher = {{AIP} Publishing},
}

@Comment{jabref-meta: databaseType:bibtex;}
